<?xml version="1.0" encoding="UTF-8"?><collection xmlns="http://www.loc.gov/MARC21/slim"><record><leader>00540nam--2200169-u-4500</leader><controlfield tag="001">000054254</controlfield><controlfield tag="002">20161230</controlfield><controlfield tag="005">20161230201051</controlfield><controlfield tag="008">111031s1000------------r-----000-0-eng-d</controlfield><datafield ind1=" " ind2=" " tag="040"><subfield code="a">IFIN-HH</subfield></datafield><datafield ind1=" " ind2=" " tag="080"><subfield code="a">539.1.074.83(043)</subfield></datafield><datafield ind1="1" ind2=" " tag="100"><subfield code="a">Straver, Johannes Adrianus</subfield></datafield><datafield ind1="1" ind2="0" tag="245"><subfield code="a">Design, construction and beam tests of the high resolution uranium scintillator calorimeter for zeus</subfield><subfield code="c">Johannes adrianus straver</subfield></datafield><datafield ind1=" " ind2=" " tag="260"><subfield code="a">Amsterdam</subfield><subfield code="b">Universiteit</subfield><subfield code="c">1991</subfield></datafield><datafield ind1=" " ind2=" " tag="300"><subfield code="a">162P</subfield></datafield><datafield ind1=" " ind2=" " tag="852"><subfield code="a">79826</subfield><subfield code="c">539.1.07:539.1.08</subfield></datafield><datafield ind1=" " ind2=" " tag="CAT"><subfield code="a">Sys</subfield><subfield code="c">20111031</subfield><subfield code="h">154336</subfield></datafield></record></collection>